%YAML 1.1
%TAG !u! tag:unity3d.com,2011:
--- !u!241 &24100000
AudioMixerController:
  m_ObjectHideFlags: 0
  m_CorrespondingSourceObject: {fileID: 0}
  m_PrefabInstance: {fileID: 0}
  m_PrefabAsset: {fileID: 0}
  m_Name: BGM
  m_OutputGroup: {fileID: 0}
  m_MasterGroup: {fileID: 24300002}
  m_Snapshots:
  - {fileID: 24500006}
  m_StartSnapshot: {fileID: 24500006}
  m_SuspendThreshold: -80
  m_EnableSuspend: 1
  m_UpdateMode: 0
  m_ExposedParameters:
  - guid: 99151bba06decde46bb98f46c141a9b2
    name: volume
  - guid: 009784061b877c949bd89ea32e7f3a75
    name: res
  - guid: 1436fe3d26f161747a0fc32246503540
    name: freq
  - guid: da5a468d226ee8f4c8babf649e19d556
    name: pitch
  m_AudioMixerGroupViews:
  - guids:
    - 4a860d35c4acad242b053d9167410488
    name: View
  m_CurrentViewIndex: 0
  m_TargetSnapshot: {fileID: 24500006}
--- !u!243 &24300002
AudioMixerGroupController:
  m_ObjectHideFlags: 0
  m_CorrespondingSourceObject: {fileID: 0}
  m_PrefabInstance: {fileID: 0}
  m_PrefabAsset: {fileID: 0}
  m_Name: Master
  m_AudioMixer: {fileID: 24100000}
  m_GroupID: 4a860d35c4acad242b053d9167410488
  m_Children: []
  m_Volume: 99151bba06decde46bb98f46c141a9b2
  m_Pitch: ecae150c46370a8469d49e2e3b036ab2
  m_Send: 00000000000000000000000000000000
  m_Effects:
  - {fileID: 24400004}
  - {fileID: 244407940783443096}
  - {fileID: 244295148971361398}
  - {fileID: 244170690213424758}
  m_UserColorIndex: 0
  m_Mute: 0
  m_Solo: 0
  m_BypassEffects: 0
--- !u!244 &24400004
AudioMixerEffectController:
  m_ObjectHideFlags: 3
  m_CorrespondingSourceObject: {fileID: 0}
  m_PrefabInstance: {fileID: 0}
  m_PrefabAsset: {fileID: 0}
  m_Name: 
  m_EffectID: e27195d57bb96fe48a5424a88da41671
  m_EffectName: Attenuation
  m_MixLevel: 3734e5eefd2a2f0428864059b1df81da
  m_Parameters: []
  m_SendTarget: {fileID: 0}
  m_EnableWetMix: 0
  m_Bypass: 0
--- !u!245 &24500006
AudioMixerSnapshotController:
  m_ObjectHideFlags: 0
  m_CorrespondingSourceObject: {fileID: 0}
  m_PrefabInstance: {fileID: 0}
  m_PrefabAsset: {fileID: 0}
  m_Name: Snapshot
  m_AudioMixer: {fileID: 24100000}
  m_SnapshotID: 21e3e7371b12dc34890ff0b0b8290f6a
  m_FloatValues:
    267edc20f0ed5e649890d1f4039b043d: 0
    4bac47e02ea6d19449ef9dc67c89bd2c: 0
    0d502d41106c9a847926e7e7f2a5652c: -9374
    ed4cf8c13fee7d74e8f6af35352652c2: 59.1
    804b1de17128b5c46934a55a4f89b26c: 0.66400003
    723f58f10e7646e4fa64793234518e4d: 25.3
    b08a6502740c73c4798e6a6326bee0d8: 0.517
    7e7f2352f32d8414d87b9e3caae8452d: 0.924
    64087962f3c45e0469d84432900c0c62: 0
    7296767258e3ad643832b4ef33563a57: 0
    99bc9603ade89e74f8131940a7eff88f: -5876
    0f871413191f3154394141b9387c2d92: 0
    e465a1536cb44e64a9c595b80973a145: 73
    b5db0353c8d73744cbed687911abc9f6: 0.5
    87b18563759a04c4baca7bdcd8ff70e9: 0
    0309a4834410d8d419858dc172068ab8: 0
    7e488593ceb61a64e89acef7adec8603: 6506
    623ab3f3aa177c943b2acf3ead10cf53: 0.6
    4dde4b244fcd05948a5241279cce2a1c: 0
    a249b1947a4ff2942945103a613e2197: 0.6
    a4cfbaa4347f3f04aa6ebcf2d81d4783: 0.1
    4405c8b47aacc344185c9b42f4fae547: 0.00001
    64391fb4e5e29a342a9de56c5dfc3d0a: 1.6
    7cac89e4060ff3549afcb7b3205d30aa: 0.051999997
    f2242d0555810c949840fd774d347363: 2000
    fde35b25121a6a841a18115c1c02aa80: 1
    f8213065b97088647bba4aebc98fa193: 0
    dd59f365258f4fd49ad8210f386126a8: -5112
    978b2f8552c8f6e40b57ad870a420593: 0
    dff778a5e31b1f5428f870ceb9e57bfe: 0.42
    cdf547b57bce2c941b2bd93101dd2718: 0
    faa084d5494ed534b8e5554fc8ce62c2: 0
    009784061b877c949bd89ea32e7f3a75: 1
    f15ea696fb1e07845843ccc703e88333: 0
    91f0f9f609135ce438973dada6fc7fc8: 0.79
    dd263627f19287d40b9099c77ffe7831: 0
    546e9e477ed2c504790a026339044c22: 0
    39d6ed88ee30fb24695c5271e36e80b5: 1.31
    a4175eb93ea8fb24ab8cec5d4c46d954: 0
    fe1060e95190eb941a9bd7e2a43d0379: 0.46
    99151bba06decde46bb98f46c141a9b2: -10.1
    0393b9fb832cb4b4bad4488e0cd748f6: 0
    ecae150c46370a8469d49e2e3b036ab2: 1
    a14fb12caded63142b3f56e57b3efce3: 5.2
    1014885c397739e42be1af8d97376f3e: 0
    a5f573dcf23f7454db0d0392ccfa1057: 1288
    540b690decfc39e4296270f41fb43036: 0.24700001
    1436fe3d26f161747a0fc32246503540: 22000
    da5a468d226ee8f4c8babf649e19d556: 1
    9bdbddedfdae8d8438bb674428c6ad49: 0
    8801180ea557a054eb6b629aadc0e609: 19115
    89f87b4e053d5bc49b09e93f74ff583a: 2742
    ab04828e5d7f6c44ca41393ab67ac173: 0.471
    74a6e38ee9ad00441a13055b26748465: 7159
    ed8bddced6ca53f4b9a4f3f607ed91fb: 1
    c82d493f15736b24d898af40c47be3ef: -10000
    e683645fa0922aa4c81870b1807503e2: 0.817
    4035ec5fb0262034491a191b42da56ef: 6425
  m_TransitionOverrides: {}
--- !u!244 &244170690213424758
AudioMixerEffectController:
  m_ObjectHideFlags: 3
  m_CorrespondingSourceObject: {fileID: 0}
  m_PrefabInstance: {fileID: 0}
  m_PrefabAsset: {fileID: 0}
  m_Name: 
  m_EffectID: 2294126996d2c3048b142d68c56437f9
  m_EffectName: Flange
  m_MixLevel: 47ce0924039a731468b956b143777b5f
  m_Parameters:
  - m_ParameterName: Drymix
    m_GUID: 7cac89e4060ff3549afcb7b3205d30aa
  - m_ParameterName: Wetmix
    m_GUID: e683645fa0922aa4c81870b1807503e2
  - m_ParameterName: Depth
    m_GUID: ab04828e5d7f6c44ca41393ab67ac173
  - m_ParameterName: Rate
    m_GUID: 0309a4834410d8d419858dc172068ab8
  m_SendTarget: {fileID: 0}
  m_EnableWetMix: 0
  m_Bypass: 0
--- !u!244 &244295148971361398
AudioMixerEffectController:
  m_ObjectHideFlags: 3
  m_CorrespondingSourceObject: {fileID: 0}
  m_PrefabInstance: {fileID: 0}
  m_PrefabAsset: {fileID: 0}
  m_Name: 
  m_EffectID: 30818db02d5db8c40b6c8bab71e61874
  m_EffectName: Lowpass
  m_MixLevel: a428b26810a6c7b4db8e2970f6df99e2
  m_Parameters:
  - m_ParameterName: Cutoff freq
    m_GUID: 1436fe3d26f161747a0fc32246503540
  - m_ParameterName: Resonance
    m_GUID: 009784061b877c949bd89ea32e7f3a75
  m_SendTarget: {fileID: 0}
  m_EnableWetMix: 0
  m_Bypass: 0
--- !u!244 &244407940783443096
AudioMixerEffectController:
  m_ObjectHideFlags: 3
  m_CorrespondingSourceObject: {fileID: 0}
  m_PrefabInstance: {fileID: 0}
  m_PrefabAsset: {fileID: 0}
  m_Name: 
  m_EffectID: 63b612a9de3f1ca4e82eb6d8a0b66a35
  m_EffectName: Pitch Shifter
  m_MixLevel: edb247b4f53233e4bb3ca7a7ebfed03a
  m_Parameters:
  - m_ParameterName: Pitch
    m_GUID: da5a468d226ee8f4c8babf649e19d556
  - m_ParameterName: FFT size
    m_GUID: 5c460903c856287458cd47ff07c49ef3
  - m_ParameterName: Overlap
    m_GUID: 9e17fb8e78db3d5408baf6408238ba8e
  - m_ParameterName: Max channels
    m_GUID: d3cf8d642a9f72448b6bb8b951964f32
  m_SendTarget: {fileID: 0}
  m_EnableWetMix: 0
  m_Bypass: 0
