%YAML 1.1
%TAG !u! tag:unity3d.com,2011:
--- !u!114 &1937385825043488328
MonoBehaviour:
  m_ObjectHideFlags: 0
  m_CorrespondingSourceObject: {fileID: 0}
  m_PrefabInstance: {fileID: 0}
  m_PrefabAsset: {fileID: 0}
  m_GameObject: {fileID: 2354081894947095697}
  m_Enabled: 1
  m_EditorHideFlags: 0
  m_Script: {fileID: 11500000, guid: 949295c58ded41b6aadaa296f86c1ab3, type: 3}
  m_Name: 
  m_EditorClassIdentifier: 
  PressText: {fileID: 6593287984347369955}
  InputText: {fileID: 0}
  ResultText: {fileID: 7816385375469930748}
  Icon: {fileID: 3684101027251881581}
  KeyUp: {fileID: -5765990985598404557, guid: a3cf5506c24404a4496c178e845f5caf, type: 3}
  KeyDown: {fileID: -6208343064605944881, guid: a3cf5506c24404a4496c178e845f5caf,
    type: 3}
  KeyLeft: {fileID: 8689532031919788285, guid: a3cf5506c24404a4496c178e845f5caf, type: 3}
  KeyRight: {fileID: -7026118007454259748, guid: a3cf5506c24404a4496c178e845f5caf,
    type: 3}
--- !u!1 &7418906948093530096
GameObject:
  m_ObjectHideFlags: 0
  m_CorrespondingSourceObject: {fileID: 0}
  m_PrefabInstance: {fileID: 0}
  m_PrefabAsset: {fileID: 0}
  serializedVersion: 6
  m_Component:
  - component: {fileID: 7202447500923900863}
  - component: {fileID: 5279849027390155040}
  - component: {fileID: 3684101027251881581}
  m_Layer: 5
  m_Name: Icon
  m_TagString: Untagged
  m_Icon: {fileID: 0}
  m_NavMeshLayer: 0
  m_StaticEditorFlags: 0
  m_IsActive: 1
--- !u!224 &7202447500923900863
RectTransform:
  m_ObjectHideFlags: 0
  m_CorrespondingSourceObject: {fileID: 0}
  m_PrefabInstance: {fileID: 0}
  m_PrefabAsset: {fileID: 0}
  m_GameObject: {fileID: 7418906948093530096}
  m_LocalRotation: {x: -0, y: -0, z: -0, w: 1}
  m_LocalPosition: {x: 0, y: 0, z: 0}
  m_LocalScale: {x: 1, y: 1, z: 1}
  m_Children: []
  m_Father: {fileID: 2354081894947095698}
  m_RootOrder: 3
  m_LocalEulerAnglesHint: {x: 0, y: 0, z: 0}
  m_AnchorMin: {x: 0.5, y: 0.5}
  m_AnchorMax: {x: 0.5, y: 0.5}
  m_AnchoredPosition: {x: -0.00000091642, y: 0.27}
  m_SizeDelta: {x: 1, y: 1}
  m_Pivot: {x: 0.5, y: 0.5}
--- !u!222 &5279849027390155040
CanvasRenderer:
  m_ObjectHideFlags: 0
  m_CorrespondingSourceObject: {fileID: 0}
  m_PrefabInstance: {fileID: 0}
  m_PrefabAsset: {fileID: 0}
  m_GameObject: {fileID: 7418906948093530096}
  m_CullTransparentMesh: 0
--- !u!114 &3684101027251881581
MonoBehaviour:
  m_ObjectHideFlags: 0
  m_CorrespondingSourceObject: {fileID: 0}
  m_PrefabInstance: {fileID: 0}
  m_PrefabAsset: {fileID: 0}
  m_GameObject: {fileID: 7418906948093530096}
  m_Enabled: 1
  m_EditorHideFlags: 0
  m_Script: {fileID: -765806418, guid: f70555f144d8491a825f0804e09c671c, type: 3}
  m_Name: 
  m_EditorClassIdentifier: 
  m_Material: {fileID: 0}
  m_Color: {r: 0.7411765, g: 0.078431375, b: 0.8705883, a: 1}
  m_RaycastTarget: 1
  m_OnCullStateChanged:
    m_PersistentCalls:
      m_Calls: []
    m_TypeName: UnityEngine.UI.MaskableGraphic+CullStateChangedEvent, UnityEngine.UI,
      Version=1.0.0.0, Culture=neutral, PublicKeyToken=null
  m_Sprite: {fileID: 8689532031919788285, guid: a3cf5506c24404a4496c178e845f5caf,
    type: 3}
  m_Type: 0
  m_PreserveAspect: 0
  m_FillCenter: 1
  m_FillMethod: 4
  m_FillAmount: 1
  m_FillClockwise: 1
  m_FillOrigin: 0
  m_UseSpriteMesh: 0
--- !u!1001 &8635370207941463045
PrefabInstance:
  m_ObjectHideFlags: 0
  serializedVersion: 2
  m_Modification:
    m_TransformParent: {fileID: 0}
    m_Modifications:
    - target: {fileID: 6304369263248902292, guid: 79b10c93c1a825f4cbe2c1935ab827ef,
        type: 3}
      propertyPath: m_Name
      value: Arrow Key Tutorial Variant
      objectReference: {fileID: 0}
    - target: {fileID: 6304369263248902295, guid: 79b10c93c1a825f4cbe2c1935ab827ef,
        type: 3}
      propertyPath: m_LocalPosition.x
      value: 0
      objectReference: {fileID: 0}
    - target: {fileID: 6304369263248902295, guid: 79b10c93c1a825f4cbe2c1935ab827ef,
        type: 3}
      propertyPath: m_LocalPosition.y
      value: 0
      objectReference: {fileID: 0}
    - target: {fileID: 6304369263248902295, guid: 79b10c93c1a825f4cbe2c1935ab827ef,
        type: 3}
      propertyPath: m_LocalPosition.z
      value: 0
      objectReference: {fileID: 0}
    - target: {fileID: 6304369263248902295, guid: 79b10c93c1a825f4cbe2c1935ab827ef,
        type: 3}
      propertyPath: m_LocalRotation.x
      value: -0
      objectReference: {fileID: 0}
    - target: {fileID: 6304369263248902295, guid: 79b10c93c1a825f4cbe2c1935ab827ef,
        type: 3}
      propertyPath: m_LocalRotation.y
      value: -0
      objectReference: {fileID: 0}
    - target: {fileID: 6304369263248902295, guid: 79b10c93c1a825f4cbe2c1935ab827ef,
        type: 3}
      propertyPath: m_LocalRotation.z
      value: -0
      objectReference: {fileID: 0}
    - target: {fileID: 6304369263248902295, guid: 79b10c93c1a825f4cbe2c1935ab827ef,
        type: 3}
      propertyPath: m_LocalRotation.w
      value: 1
      objectReference: {fileID: 0}
    - target: {fileID: 6304369263248902295, guid: 79b10c93c1a825f4cbe2c1935ab827ef,
        type: 3}
      propertyPath: m_RootOrder
      value: 0
      objectReference: {fileID: 0}
    - target: {fileID: 6304369263248902295, guid: 79b10c93c1a825f4cbe2c1935ab827ef,
        type: 3}
      propertyPath: m_LocalEulerAnglesHint.x
      value: 0
      objectReference: {fileID: 0}
    - target: {fileID: 6304369263248902295, guid: 79b10c93c1a825f4cbe2c1935ab827ef,
        type: 3}
      propertyPath: m_LocalEulerAnglesHint.y
      value: 0
      objectReference: {fileID: 0}
    - target: {fileID: 6304369263248902295, guid: 79b10c93c1a825f4cbe2c1935ab827ef,
        type: 3}
      propertyPath: m_LocalEulerAnglesHint.z
      value: 0
      objectReference: {fileID: 0}
    - target: {fileID: 6304369263248902295, guid: 79b10c93c1a825f4cbe2c1935ab827ef,
        type: 3}
      propertyPath: m_AnchoredPosition.x
      value: -224.45
      objectReference: {fileID: 0}
    - target: {fileID: 6304369263248902295, guid: 79b10c93c1a825f4cbe2c1935ab827ef,
        type: 3}
      propertyPath: m_AnchoredPosition.y
      value: -120.66
      objectReference: {fileID: 0}
    - target: {fileID: 6304369263248902295, guid: 79b10c93c1a825f4cbe2c1935ab827ef,
        type: 3}
      propertyPath: m_SizeDelta.x
      value: 3
      objectReference: {fileID: 0}
    - target: {fileID: 6304369263248902295, guid: 79b10c93c1a825f4cbe2c1935ab827ef,
        type: 3}
      propertyPath: m_SizeDelta.y
      value: 3
      objectReference: {fileID: 0}
    - target: {fileID: 6304369263248902295, guid: 79b10c93c1a825f4cbe2c1935ab827ef,
        type: 3}
      propertyPath: m_AnchorMin.x
      value: 0.5
      objectReference: {fileID: 0}
    - target: {fileID: 6304369263248902295, guid: 79b10c93c1a825f4cbe2c1935ab827ef,
        type: 3}
      propertyPath: m_AnchorMin.y
      value: 0.5
      objectReference: {fileID: 0}
    - target: {fileID: 6304369263248902295, guid: 79b10c93c1a825f4cbe2c1935ab827ef,
        type: 3}
      propertyPath: m_AnchorMax.x
      value: 0.5
      objectReference: {fileID: 0}
    - target: {fileID: 6304369263248902295, guid: 79b10c93c1a825f4cbe2c1935ab827ef,
        type: 3}
      propertyPath: m_AnchorMax.y
      value: 0.5
      objectReference: {fileID: 0}
    - target: {fileID: 6304369263248902295, guid: 79b10c93c1a825f4cbe2c1935ab827ef,
        type: 3}
      propertyPath: m_Pivot.x
      value: 0.5
      objectReference: {fileID: 0}
    - target: {fileID: 6304369263248902295, guid: 79b10c93c1a825f4cbe2c1935ab827ef,
        type: 3}
      propertyPath: m_Pivot.y
      value: 0.5
      objectReference: {fileID: 0}
    m_RemovedComponents:
    - {fileID: 6924680038613659193, guid: 79b10c93c1a825f4cbe2c1935ab827ef, type: 3}
  m_SourcePrefab: {fileID: 100100000, guid: 79b10c93c1a825f4cbe2c1935ab827ef, type: 3}
--- !u!1 &2354081894947095697 stripped
GameObject:
  m_CorrespondingSourceObject: {fileID: 6304369263248902292, guid: 79b10c93c1a825f4cbe2c1935ab827ef,
    type: 3}
  m_PrefabInstance: {fileID: 8635370207941463045}
  m_PrefabAsset: {fileID: 0}
--- !u!224 &2354081894947095698 stripped
RectTransform:
  m_CorrespondingSourceObject: {fileID: 6304369263248902295, guid: 79b10c93c1a825f4cbe2c1935ab827ef,
    type: 3}
  m_PrefabInstance: {fileID: 8635370207941463045}
  m_PrefabAsset: {fileID: 0}
--- !u!114 &6593287984347369955 stripped
MonoBehaviour:
  m_CorrespondingSourceObject: {fileID: 3195003831301168614, guid: 79b10c93c1a825f4cbe2c1935ab827ef,
    type: 3}
  m_PrefabInstance: {fileID: 8635370207941463045}
  m_PrefabAsset: {fileID: 0}
  m_GameObject: {fileID: 0}
  m_Enabled: 1
  m_EditorHideFlags: 0
  m_Script: {fileID: 11500000, guid: 9bd082febe5bb6f429acf7b4da214179, type: 3}
  m_Name: 
  m_EditorClassIdentifier: 
--- !u!114 &7816385375469930748 stripped
MonoBehaviour:
  m_CorrespondingSourceObject: {fileID: 1994987319532586233, guid: 79b10c93c1a825f4cbe2c1935ab827ef,
    type: 3}
  m_PrefabInstance: {fileID: 8635370207941463045}
  m_PrefabAsset: {fileID: 0}
  m_GameObject: {fileID: 0}
  m_Enabled: 1
  m_EditorHideFlags: 0
  m_Script: {fileID: 11500000, guid: 9bd082febe5bb6f429acf7b4da214179, type: 3}
  m_Name: 
  m_EditorClassIdentifier: 
